<record><leader>00000cas a22000007a 4500</leader><controlfield tag="001">41316959</controlfield><controlfield tag="008">990506d198319uutnuwr ne      0    0eng d</controlfield><datafield ind1=" " ind2=" " tag="010"><subfield code="a">sn 99065794 </subfield></datafield><datafield ind1=" " ind2=" " tag="040"><subfield code="a">TGN</subfield><subfield code="b">eng</subfield><subfield code="c">TGN</subfield><subfield code="d">OCLCF</subfield><subfield code="d">OCLCO</subfield></datafield><datafield ind1="1" ind2=" " tag="029"><subfield code="a">AU@</subfield><subfield code="b">000020123724</subfield></datafield><datafield ind1=" " ind2=" " tag="042"><subfield code="a">msc</subfield></datafield><datafield ind1="0" ind2="4" tag="245"><subfield code="a">The dispatch this week.</subfield></datafield><datafield ind1="1" ind2=" " tag="246"><subfield code="i">Issues for Oct. 3-&lt;31, 1983&gt; have title:</subfield><subfield code="a">This week, the dispatch</subfield></datafield><datafield ind1="1" ind2=" " tag="246"><subfield code="i">Issues for &lt;Mar. 6-Apr. 17, 1984&gt; have title:</subfield><subfield code="a">Dispatch</subfield></datafield><datafield ind1=" " ind2=" " tag="260"><subfield code="a">McMinnville, Tenn. :</subfield><subfield code="b">[s.n.],</subfield><subfield code="c">1983-</subfield></datafield><datafield ind1=" " ind2=" " tag="300"><subfield code="a">v.</subfield></datafield><datafield ind1=" " ind2=" " tag="310"><subfield code="a">Weekly</subfield></datafield><datafield ind1="0" ind2=" " tag="362"><subfield code="a">Vol. 1, no. 48 (Sept. 12, 1983)-</subfield></datafield><datafield ind1=" " ind2="0" tag="651"><subfield code="a">McMinnville (Tenn.)</subfield><subfield code="v">Newspapers.</subfield></datafield><datafield ind1=" " ind2="0" tag="651"><subfield code="a">Warren County (Tenn.)</subfield><subfield code="v">Newspapers.</subfield></datafield><datafield ind1=" " ind2="7" tag="655"><subfield code="a">Newspapers.</subfield><subfield code="2">fast</subfield><subfield code="0">(OCoLC)fst01423814</subfield></datafield><datafield ind1=" " ind2="7" tag="651"><subfield code="a">Tennessee</subfield><subfield code="z">McMinnville.</subfield><subfield code="2">fast</subfield><subfield code="0">(OCoLC)fst01276404</subfield></datafield><datafield ind1=" " ind2="7" tag="651"><subfield code="a">Tennessee</subfield><subfield code="z">Warren County.</subfield><subfield code="2">fast</subfield><subfield code="0">(OCoLC)fst01215071</subfield></datafield><datafield ind1=" " ind2=" " tag="752"><subfield code="a">United States</subfield><subfield code="b">Tennessee</subfield><subfield code="c">Warren</subfield><subfield code="d">McMinnville.</subfield></datafield><datafield ind1="0" ind2="0" tag="780"><subfield code="t">This week in Warren County</subfield><subfield code="w">(DLC)sn 99065793</subfield></datafield></record>